@book{bertsimas,
  added-at = {2007-07-05T16:17:35.000+0200},
  author = {Bertsimas, D. and Tsitsiklis, J.N.},
  biburl = {https://www.bibsonomy.org/bibtex/28efda5490c1a6791e238842019d5a42e/jleny},
  description = {bandit problems},
  interhash = {5f8b8e1f3575c667656c8f8853595583},
  intrahash = {8efda5490c1a6791e238842019d5a42e},
  keywords = {imported},
  publisher = {Athena Scientific},
  timestamp = {2007-07-05T16:17:36.000+0200},
  title = {Introduction to linear optimization},
  year = 1997
}

@book{fischetti,
  title={Lezioni Di Ricerca Operativa},
  author={Fischetti, M.},
  isbn={9781980835011},
  url={https://books.google.it/books?id=VYaAuQEACAAJ},
  year={2018},
  publisher={Independently Published}
}
